<?xml version="1.0" encoding="UTF-8"?><record xmlns="http://www.loc.gov/MARC21/slim" xmlns:cinclude="http://apache.org/cocoon/include/1.0" xmlns:zs="http://www.loc.gov/zing/srw/">
  <leader>00398nz  a2200121n  4500</leader>
  <controlfield tag="001">n  88641961 </controlfield>
  <controlfield tag="003">DLC</controlfield>
  <controlfield tag="005">19880607095214.1</controlfield>
  <controlfield tag="008">880607n| acannaab|          |n aad |||  </controlfield>
  <datafield tag="010" ind1=" " ind2=" ">
    <subfield code="a">n  88641961 </subfield>
  </datafield>
  <datafield tag="040" ind1=" " ind2=" ">
    <subfield code="a">DLC</subfield>
    <subfield code="c">DLC</subfield>
  </datafield>
  <datafield tag="100" ind1="1" ind2="0">
    <subfield code="a">McBride, John David,</subfield>
    <subfield code="d">1946-</subfield>
  </datafield>
  <datafield tag="670" ind1=" " ind2=" ">
    <subfield code="a">nuc88-69690: His The Virginia war effort, 1775-1783, 1977</subfield>
    <subfield code="b">(hdg. on NjP rept.: McBride, John David, 1946- ; usage: John David McBride)</subfield>
  </datafield>
</record>